@Article{Hol73,
author = {A.~S.~Holevo},
title = {Bounds for the Quantity of Information Transmitted by a Quantum Communication Channel},
journal = {Problems of Information Transmission},
year = {1973},
volume = {9},
issue = {3},
pages = {3--11},
}

@inproceedings{Yao:1979:CQR:800135.804414,
 author = {Yao, Andrew Chi-Chih},
 title = {Some Complexity Questions Related to Distributive Computing(Preliminary Report)},
 booktitle = {Proceedings of the Eleventh Annual ACM Symposium on Theory of Computing},
 series = {STOC '79},
 year = {1979},
 location = {Atlanta, Georgia, USA},
 pages = {209--213},
 numpages = {5},
 url = {http://doi.acm.org/10.1145/800135.804414},
 doi = {10.1145/800135.804414},
 acmid = {804414},
 publisher = {ACM},
 address = {New York, NY, USA},
}

@article{PhysRevLett.69.2881,
  title = {Communication via one- and two-particle operators on Einstein-Podolsky-Rosen states},
  author = {Bennett, Charles H. and Wiesner, Stephen J.},
  journal = {Phys. Rev. Lett.},
  volume = {69},
  issue = {20},
  pages = {2881--2884},
  numpages = {0},
  year = {1992},
  month = {Nov},
  publisher = {American Physical Society},
  doi = {10.1103/PhysRevLett.69.2881},
  url = {http://link.aps.org/doi/10.1103/PhysRevLett.69.2881}
}

@article{PhysRevLett.70.1895,
  title = {Teleporting an unknown quantum state via dual classical and Einstein-Podolsky-Rosen channels},
  author = {Bennett, Charles H. and Brassard, Gilles and Cr\'epeau, Claude and Jozsa, Richard and Peres, Asher and Wootters, William K.},
  journal = {Phys. Rev. Lett.},
  volume = {70},
  issue = {13},
  pages = {1895--1899},
  numpages = {0},
  year = {1993},
  month = {Mar},
  publisher = {American Physical Society},
  doi = {10.1103/PhysRevLett.70.1895},
  url = {http://link.aps.org/doi/10.1103/PhysRevLett.70.1895}
}
